@Article{kalmanfilter,
author = {Randall C. Smith and Peter Cheeseman},
title = {On the representation and estimation of spatial uncertainty},
journal = {International Journal of Robotics Research},
year = {1986},
volume = {5},
number = {4}
}

@PhdThesis{linearnoise,
author = {Paul M. Newman},
title = {On the Structure and Solution of the Simultaneous Localisation and Map Building Problem},
school = {University of Sydney},
year = {2000}
}

@InProceedings{performance,
author = {Shoudong Huang and Gamini Dissanayake},
title = {Convergence analysis for extended Kalman filter based SLAM},
booktitle = {International Conference on Robotics and Automation},
pages = {412 - 417},
year = {2006},
month = {May},
organization = {IEEE}
}

@InProceedings{inaccurate,
author = {Wolfram Burgard and Cyrill Stachniss and Giorgio Grisetti and Bastian Steder and Rainer Kummerle and Christian Dornhege and Michael Ruhnke and Alexander Kleiner and Juan D Tardos},
title = {A Comparison of SLAM Algorithms Based on a Graph of Relations},
booktitle = {International Conference on Intelligent Robots and Systems},
pages = {2089 - 2095},
year = {2009},
organization = {IEEE/RSJ}
}

@InProceedings{particlefilter,
author = {Kristopher R Beevers},
title = {Sampling Strategies for Particle Filtering SLAM},
booktitle = {International Conference on Robotics and Automation},
pages = {2433 - 2438},
year = {2007},
month = {April},
organization = {IEEE}
}

@InProceedings{loopclosing,
author = {P Newman, D Cole and K Ho},
title = {Outdoor SLAM using Visual Appearance and Laser Ranging},
booktitle = {International Conference on Robotics and Automation},
pages = {1180 - 1187},
year = {2006},
organization = {IEEE}
}

@InProceedings{coreslam,
author = {Bruno Steux, Oussama El Hamzaoui},
title = {tinySLAM: A SLAM algorithm in less than 200 lines C language program},
booktitle = {International Conference on Controll Automation Robotics and Vision},
pages = {1975 - 1979},
year = {2010},
organization = {ICARCV}
}

@InProceedings{dpslam,
author = {Austin Eliazar and Ronald Parr},
title = {DP-SLAM: Fast, Robust Simultaneous Localization and Mapping Without Predetermined Landmarks},
booktitle = {International Conference on Robotics and Automation},
pages = {1314 - 1320},
year = {2004},
organization = {IEEE}
}

@InProceedings{dpslam2,
author = {Austin Eliazar and Ronald Parr},
title = {DP-SLAM 2.0},
booktitle = {International Conference on Robotics and Automation},
pages = {1314 - 1320},
year = {2004},
volume = {2},
organization = {IEEE}
}

@InProceedings{landmarks,
author = {Randall Smith and Matthew Self and Peter Cheeseman},
title = {Convergence analysis for extended Kalman filter based SLAM},
booktitle = {International Conference on Robotics and Automation},
pages = {850},
year = {1987},
month = {Mar},
volume = {4},
organization = {IEEE}
}

@InProceedings{EKFvsParticlefilter,
author = {Xiangdong Lin and Thiagalingam Kirubarajan and Yaakov Bar-Shalom and Simon Maskell},
title = {Comparison of EKF, Pseudomeasurement and Particle Filters for a Bearing-only Target Tracking Problem},
booktitle = {Conference on Signal and Data Processing of Small Targets},
pages = {240-250},
year = {2007},
month = {Aug},
volume = {4728},
organization = {SPIE}
}

@InProceedings{postponing,
author = {Joss Knight and Andrew Davison and Ian Reid},
title = {Towards constant time SLAM using postponement},
booktitle = {International Conference on Intelligent Robots and Systems},
pages = {405 - 413},
year = {2001},
month = {Nov},
volume = {1},
organization = {IEEE}
}

@InProceedings{fastslam,
author = {Michael Montemerlo and Sebastian Thrun and Daphne Koller and Ben Wegbreit},
title = {FastSLAM: A Factored Solution to the Simultaneous Localization and Mapping Problem},
booktitle = {Proceedings of the Eighteenth National Conference on Artificial Intelligence},
pages = {593 - 598},
year = {2002},
month = {August},
organization = {AAAI}
}

@InProceedings{postprocessing,
author = {Michael Montemerlo and Sebastian Thrun and Daphne Koller and Ben Wegbreit},
title = {FastSLAM 2.0: An Improved Particle Filtering Algorithm for Simultaneous Localization and Mapping that Provably Converge},
booktitle = {International Joint Conference on Artificial Intelligence},
pages = {1151 - 1156},
year = {2003},
month = {August},
organization = {ijcai}
}

@InProceedings{multirobotslam,
author = {Sebastian Thrun and Yufeng Liu},
title = {Multi-robot SLAM with Sparse Extended Information Filers},
booktitle = {Springer Tracts in Advanced Robotics},
pages = {254 - 266},
year = {2005},
volume = {15},
publisher = {Springer}
}

@InProceedings{multiagent,
author = {Khalid Kouiss and Henri Pierreval and Nasser Memarki},
title = {Using multi-agent architecture in FMS for dynamic scheduling},
booktitle = {Journal of Intelligent Manufaturing},
pages = {41 - 47},
year = {1997},
volume = {8},
organization = {Springer}
}

@InProceedings{realtimeloopclosing,
author = {Carlos Estrada and Jose Neira and Juan D. Tardos},
title = {Hierarchical SLAM: Real-Time Accurate Mapping of Large Environments},
booktitle = {Transactions on Robotics},
pages = {588 - 596},
year = {2005},
month = {Aug},
volume = {21},
number = {4},
organization = {IEEE}
}

@InProceedings{postprocessingloopclosing,
author = {Jochen Sprickerhof and Andreas Nuchter and Kai Lingemann and Joachim Hertzberg},
title = {An Explicit Loop Closing Technique for 6D SLAM},
booktitle = {Proceedings of the 4th European Conference on Mobile Robots},
pages = {229 - 234},
year = {2009},
month = {Sep},
organization = {ECMR}
}

@InProceedings{multiDslam,
author = {Jan Weingarten and Roland Siegwart},
title = {EKF-based 3D SLAM for structured environment reconstruction},
booktitle = {International Conference on Intelligent Robots and Systems},
pages = {3834 - 3839},
year = {2005},
organization = {IEEE/RSJ}
}

@InProceedings{active,
author = {Julien Michot and Adrien Bartoli and FrancÂ¸ois Gaspard},
title = {Bi-Objective Bundle Adjustment With Application to Multi-Sensor SLAM},
booktitle = {International Symposium on 3D Data Processing, Visualization and Transmission},
year = {2010},
month = {May},
organization = {3DPVT}
}

@InProceedings{general_slam,
author = {Gamini Dissanayake and Paul Newman and Steven Clark and Hugh F. Durrant-Whyte},
title = {A solution to the simultaneous localization and map building (SLAM) problem},
booktitle = {International Conference on Robotics and Automation},
pages = {229 - 241},
year = {2001},
month = {Jun},
volume = {17},
number = {3},
organization = {IEEE}
}

@InProceedings{optimization,
author = {Jose Guivant and Eduardo Nebot},
title = {Optimization of the Simultaneous Localization and Map Building Algorithm for Real Time Implementation},
booktitle = {International Conference on Robotics and Automation},
pages = {242 - 257},
year = {2001},
month = {Jun},
volume = {17},
number = {3},
organization = {IEEE}
}

@InProceedings{particlefilter2,
author = {Robert Sim and Pantelis Elinas and Matt Griffin and James J. Little},
title = {Design and analysis of a framework for real-time vision-based SLAM using Rao-Blackwellised particle filters},
booktitle = {The 3rd Canadian Conference on  Computer and Robot Vision},
pages = {21},
year = {2006},
month = {Jun},
organization = {CRV}
}

@InProceedings{coreslam2,
author = {Tim Bailey and Juan Nieto and Jose Guivant and Michael Stevens and Eduardo Nebot},
title = {Consistency of the EKF-SLAM Algorithm},
booktitle = {International Conference on Intelligent Robots and Systems},
pages = {3562 - 3568},
year = {2006},
organization = {IEEE/RSJ}
}

@InProceedings{fastslamconsistent,
author = {Tim Bailey and Juan Nieto and Eduardo Nebot},
title = {Consistency of the FastSLAM Algorithm},
booktitle = {International Conference on Robotics and Automation},
pages = {424 - 429},
year = {2006},
month = {may},
organization = {IEEE}
}

@InProceedings{concurrent,
author = {Tim Bailey and Juan Nieto and Eduardo Nebot},
title = {Explore and return: experimental validation of real-time concurrent mapping and localization},
booktitle = {International Conference on Robotics and Automation},
pages = {1802 - 1809},
year = {2002},
volume = {2},
organization = {IEEE}
}

@InProceedings{autonomous,
author = {Andreas Nuchter and Hartmut Surmann and Kai Lingemann and Joachim Hertzberg and Sebastian Thru},
title = {6D SLAM with an application in autonomous mine mapping},
booktitle = {International Conference on Robotics and Automation},
pages = {1998 - 2003},
year = {2004},
volume = {2},
organization = {IEEE}
}

@Article{mapmatching,
author = {Michael Bosse and Robert Zlot},
title = {Map Matching and Data Association for Large-Scale Two-dimensional Laser Scan-based SLAM},
journal = {International Journal of Robotics Research},
pages = {667 - 691},
year = {2008},
volume = {27},
number = {6}
}

@Article{kaka,
author = {Hongmo Je and Daijin Kim},
title = {SLAM by Combining Multidimensional Scaling and Particle Filtering},
journal = {Lecture Notes in Computer Science},
pages = {825-832},
year = {2008},
volume = {5226},
publisher = {Springer}
}
